<?xml version="1.0" encoding="UTF-8"?>
  <record xmlns="http://www.loc.gov/MARC21/slim" type="Authority">
    <leader>00000nz  a2200000nc 4500</leader>
    <controlfield tag="001">122617843</controlfield>
    <controlfield tag="003">DE-101</controlfield>
    <controlfield tag="005">20220311162448.0</controlfield>
    <controlfield tag="008">010110n||aznnnaabn           | aaa    |c</controlfield>
    <datafield tag="024" ind1="7" ind2=" ">
      <subfield code="a">122617843</subfield>
      <subfield code="0">http://d-nb.info/gnd/122617843</subfield>
      <subfield code="2">gnd</subfield>
    </datafield>
    <datafield tag="024" ind1="7" ind2=" ">
      <subfield code="a">Q1084854</subfield>
      <subfield code="2">wikidata</subfield>
    </datafield>
    <datafield tag="024" ind1="7" ind2=" ">
      <subfield code="a">52575376</subfield>
      <subfield code="2">viaf</subfield>
    </datafield>
    <datafield tag="024" ind1="7" ind2=" ">
      <subfield code="a">0000  0000  1224  4775</subfield>
      <subfield code="2">isni</subfield>
    </datafield>
    <datafield tag="035" ind1=" " ind2=" ">
      <subfield code="a">(DE-101)122617843</subfield>
    </datafield>
    <datafield tag="035" ind1=" " ind2=" ">
      <subfield code="a">(DE-588)122617843</subfield>
    </datafield>
    <datafield tag="035" ind1=" " ind2=" ">
      <subfield code="z">(DE-588a)122617843</subfield>
      <subfield code="9">v:zg</subfield>
    </datafield>
    <datafield tag="040" ind1=" " ind2=" ">
      <subfield code="a">DE-12</subfield>
      <subfield code="c">DE-12</subfield>
      <subfield code="9">r:DE-12</subfield>
      <subfield code="b">ger</subfield>
      <subfield code="d">9999</subfield>
    </datafield>
    <datafield tag="042" ind1=" " ind2=" ">
      <subfield code="a">gnd1</subfield>
    </datafield>
    <datafield tag="043" ind1=" " ind2=" ">
      <subfield code="c">XA-DE</subfield>
    </datafield>
    <datafield tag="075" ind1=" " ind2=" ">
      <subfield code="b">p</subfield>
      <subfield code="2">gndgen</subfield>
    </datafield>
    <datafield tag="075" ind1=" " ind2=" ">
      <subfield code="b">piz</subfield>
      <subfield code="2">gndspec</subfield>
    </datafield>
    <datafield tag="079" ind1=" " ind2=" ">
      <subfield code="a">g</subfield>
      <subfield code="q">a</subfield>
      <subfield code="q">f</subfield>
    </datafield>
    <datafield tag="100" ind1="1" ind2=" ">
      <subfield code="a">Franck, Christoph</subfield>
      <subfield code="d">1642-1704</subfield>
    </datafield>
    <datafield tag="400" ind1="1" ind2=" ">
      <subfield code="a">Franck, Christophorus</subfield>
      <subfield code="d">1642-1704</subfield>
    </datafield>
    <datafield tag="400" ind1="1" ind2=" ">
      <subfield code="a">Franckius, Christophorus</subfield>
      <subfield code="d">1642-1704</subfield>
    </datafield>
    <datafield tag="400" ind1="1" ind2=" ">
      <subfield code="a">Francke, Christoph</subfield>
      <subfield code="d">1642-1704</subfield>
    </datafield>
    <datafield tag="400" ind1="1" ind2=" ">
      <subfield code="a">Francke, Christophorus</subfield>
      <subfield code="d">1642-1704</subfield>
    </datafield>
    <datafield tag="400" ind1="1" ind2=" ">
      <subfield code="a">Frank, Christoph</subfield>
      <subfield code="d">1642-1704</subfield>
      <subfield code="9">v:ADB</subfield>
    </datafield>
    <datafield tag="400" ind1="1" ind2=" ">
      <subfield code="a">Franck, Christoffer</subfield>
      <subfield code="d">1642-1704</subfield>
    </datafield>
    <datafield tag="510" ind1="2" ind2=" ">
      <subfield code="0">(DE-101)004815270</subfield>
      <subfield code="0">(DE-588)2024175-6</subfield>
      <subfield code="0">https://d-nb.info/gnd/2024175-6</subfield>
      <subfield code="a">Christian-Albrechts-Universität zu Kiel</subfield>
      <subfield code="4">affi</subfield>
      <subfield code="4">https://d-nb.info/standards/elementset/gnd#affiliation</subfield>
      <subfield code="w">r</subfield>
      <subfield code="i">Affiliation</subfield>
      <subfield code="e">Affiliation</subfield>
      <subfield code="9">v:Rektor</subfield>
      <subfield code="9">Z:1677/1678</subfield>
    </datafield>
    <datafield tag="510" ind1="2" ind2=" ">
      <subfield code="0">(DE-101)004815270</subfield>
      <subfield code="0">(DE-588)2024175-6</subfield>
      <subfield code="0">https://d-nb.info/gnd/2024175-6</subfield>
      <subfield code="a">Christian-Albrechts-Universität zu Kiel</subfield>
      <subfield code="4">affi</subfield>
      <subfield code="4">https://d-nb.info/standards/elementset/gnd#affiliation</subfield>
      <subfield code="w">r</subfield>
      <subfield code="i">Affiliation</subfield>
      <subfield code="e">Affiliation</subfield>
      <subfield code="9">v:Rektor</subfield>
      <subfield code="9">Z:1683/1684</subfield>
    </datafield>
    <datafield tag="510" ind1="2" ind2=" ">
      <subfield code="0">(DE-101)004815270</subfield>
      <subfield code="0">(DE-588)2024175-6</subfield>
      <subfield code="0">https://d-nb.info/gnd/2024175-6</subfield>
      <subfield code="a">Christian-Albrechts-Universität zu Kiel</subfield>
      <subfield code="4">affi</subfield>
      <subfield code="4">https://d-nb.info/standards/elementset/gnd#affiliation</subfield>
      <subfield code="w">r</subfield>
      <subfield code="i">Affiliation</subfield>
      <subfield code="e">Affiliation</subfield>
      <subfield code="9">v:Rektor</subfield>
      <subfield code="9">Z:1689/1690</subfield>
    </datafield>
    <datafield tag="510" ind1="2" ind2=" ">
      <subfield code="0">(DE-101)004815270</subfield>
      <subfield code="0">(DE-588)2024175-6</subfield>
      <subfield code="0">https://d-nb.info/gnd/2024175-6</subfield>
      <subfield code="a">Christian-Albrechts-Universität zu Kiel</subfield>
      <subfield code="4">affi</subfield>
      <subfield code="4">https://d-nb.info/standards/elementset/gnd#affiliation</subfield>
      <subfield code="w">r</subfield>
      <subfield code="i">Affiliation</subfield>
      <subfield code="e">Affiliation</subfield>
      <subfield code="9">v:Rektor</subfield>
      <subfield code="9">Z:1701/1702</subfield>
    </datafield>
    <datafield tag="510" ind1="2" ind2=" ">
      <subfield code="0">(DE-101)000361976</subfield>
      <subfield code="0">(DE-588)36197-5</subfield>
      <subfield code="0">https://d-nb.info/gnd/36197-5</subfield>
      <subfield code="a">Universitätsbibliothek Kiel</subfield>
      <subfield code="4">affi</subfield>
      <subfield code="4">https://d-nb.info/standards/elementset/gnd#affiliation</subfield>
      <subfield code="w">r</subfield>
      <subfield code="i">Affiliation</subfield>
      <subfield code="e">Affiliation</subfield>
      <subfield code="9">v:Direktor</subfield>
      <subfield code="9">Z:1691-1704</subfield>
    </datafield>
    <datafield tag="510" ind1="2" ind2=" ">
      <subfield code="0">(DE-101)007542070</subfield>
      <subfield code="0">(DE-588)2106175-0</subfield>
      <subfield code="0">https://d-nb.info/gnd/2106175-0</subfield>
      <subfield code="a">Christian-Albrechts-Universität zu Kiel</subfield>
      <subfield code="b">Theologische Fakultät</subfield>
      <subfield code="4">affi</subfield>
      <subfield code="4">https://d-nb.info/standards/elementset/gnd#affiliation</subfield>
      <subfield code="w">r</subfield>
      <subfield code="i">Affiliation</subfield>
      <subfield code="e">Affiliation</subfield>
    </datafield>
    <datafield tag="548" ind1=" " ind2=" ">
      <subfield code="a">1642-1704</subfield>
      <subfield code="4">datl</subfield>
      <subfield code="4">https://d-nb.info/standards/elementset/gnd#dateOfBirthAndDeath</subfield>
      <subfield code="w">r</subfield>
      <subfield code="i">Lebensdaten</subfield>
      <subfield code="9">v:Geburtsjahr in der ADB fälschlich: 1624</subfield>
    </datafield>
    <datafield tag="550" ind1=" " ind2=" ">
      <subfield code="0">(DE-101)040597563</subfield>
      <subfield code="0">(DE-588)4059756-8</subfield>
      <subfield code="0">https://d-nb.info/gnd/4059756-8</subfield>
      <subfield code="a">Theologe</subfield>
      <subfield code="4">berc</subfield>
      <subfield code="4">https://d-nb.info/standards/elementset/gnd#professionOrOccupation</subfield>
      <subfield code="w">r</subfield>
      <subfield code="i">Charakteristischer Beruf</subfield>
    </datafield>
    <datafield tag="551" ind1=" " ind2=" ">
      <subfield code="0">(DE-101)040304817</subfield>
      <subfield code="0">(DE-588)4030481-4</subfield>
      <subfield code="0">https://d-nb.info/gnd/4030481-4</subfield>
      <subfield code="a">Kiel</subfield>
      <subfield code="4">ortw</subfield>
      <subfield code="4">https://d-nb.info/standards/elementset/gnd#placeOfActivity</subfield>
      <subfield code="w">r</subfield>
      <subfield code="i">Wirkungsort</subfield>
    </datafield>
    <datafield tag="551" ind1=" " ind2=" ">
      <subfield code="0">(DE-101)040427420</subfield>
      <subfield code="0">(DE-588)4042742-0</subfield>
      <subfield code="0">https://d-nb.info/gnd/4042742-0</subfield>
      <subfield code="a">Nürnberg</subfield>
      <subfield code="4">ortg</subfield>
      <subfield code="4">https://d-nb.info/standards/elementset/gnd#placeOfBirth</subfield>
      <subfield code="w">r</subfield>
      <subfield code="i">Geburtsort</subfield>
    </datafield>
    <datafield tag="667" ind1=" " ind2=" ">
      <subfield code="a">12</subfield>
    </datafield>
    <datafield tag="667" ind1=" " ind2=" ">
      <subfield code="a">VD-17</subfield>
    </datafield>
    <datafield tag="670" ind1=" " ind2=" ">
      <subfield code="a">Kieler Gelehrtenverzeichnis</subfield>
      <subfield code="b">Stand: 28.03.2018</subfield>
      <subfield code="u">http://gelehrtenverzeichnis.de/a2a4181f-316f-cb14-369f-4d9d7f8464df</subfield>
    </datafield>
    <datafield tag="672" ind1=" " ind2="0">
      <subfield code="a">Kortholt, Christian: Disputatio Inauguralis De Religione Naturali ..</subfield>
      <subfield code="f">1666</subfield>
    </datafield>
    <datafield tag="672" ind1=" " ind2="0">
      <subfield code="a">Franck, Christoph: Theses de potentia libera</subfield>
      <subfield code="f">1667</subfield>
    </datafield>
    <datafield tag="672" ind1=" " ind2="0">
      <subfield code="a">Franck, Christoph: Specimen controversiarum, quae ecclesiae Lutheranae cum remonstrantibus</subfield>
      <subfield code="f">1673</subfield>
    </datafield>
    <datafield tag="672" ind1=" " ind2="0">
      <subfield code="a">Franck, Christoph: Disputatio Theologica Inauguralis, De Christo</subfield>
      <subfield code="f">1677</subfield>
    </datafield>
    <datafield tag="672" ind1=" " ind2="0">
      <subfield code="a">Franck, Christoph: Disp. theol. inaug. de libero arbitrio, viribusque humanis in statu ..</subfield>
      <subfield code="f">1683</subfield>
    </datafield>
    <datafield tag="672" ind1=" " ind2="0">
      <subfield code="a">Franck, Christoph: Exercitationes anti-wendelinianae de praecipuis inter ecclesias ..</subfield>
      <subfield code="f">1687</subfield>
    </datafield>
    <datafield tag="672" ind1=" " ind2="0">
      <subfield code="a">Franck, Christoph: Disp. theol. inaug. de Jacobo dilecto et Esauo reiecto ..</subfield>
      <subfield code="f">1689</subfield>
    </datafield>
    <datafield tag="678" ind1=" " ind2=" ">
      <subfield code="b">Ev. Theologe, Prof. an der Univ. Kiel; stud. in Altdorf, Rinteln und Helmstedt</subfield>
    </datafield>
    <datafield tag="913" ind1=" " ind2=" ">
      <subfield code="S">pnd</subfield>
      <subfield code="i">a</subfield>
      <subfield code="a">Franck, Christoph</subfield>
      <subfield code="0">(DE-588a)122617843</subfield>
    </datafield>
  </record>
